<?xml version="1.0" encoding="UTF-8"?><collection xmlns="http://www.loc.gov/MARC21/slim"><record><leader>00541nam--2200181-i-4500</leader><controlfield tag="001">000006115</controlfield><controlfield tag="002">20161230</controlfield><controlfield tag="005">20170222150616</controlfield><controlfield tag="008">060222s1000------------r-----000-0-eng-d</controlfield><datafield ind1=" " ind2=" " tag="040"><subfield code="a">IFIN-HH</subfield></datafield><datafield ind1=" " ind2=" " tag="080"><subfield code="a">535.38:538.569.3:621.372.8</subfield></datafield><datafield ind1="1" ind2=" " tag="100"><subfield code="a">Brillouin, Leon</subfield></datafield><datafield ind1="1" ind2="0" tag="245"><subfield code="a">Pure and applied physics. Vol. 8. Wave propagation and group velocity</subfield><subfield code="c">Leon Brillouin</subfield></datafield><datafield ind1=" " ind2=" " tag="260"><subfield code="a">New York</subfield><subfield code="b">Academic Press</subfield><subfield code="c">1960</subfield></datafield><datafield ind1=" " ind2=" " tag="300"><subfield code="a">XI + 154 p</subfield></datafield><datafield ind1=" " ind2=" " tag="490"><subfield code="a">A Series Of Monographs And Textbooks</subfield></datafield><datafield ind1=" " ind2=" " tag="852"><subfield code="a">13428</subfield><subfield code="c">53</subfield></datafield><datafield ind1=" " ind2=" " tag="CAT"><subfield code="a">SYS</subfield><subfield code="c">20170222</subfield><subfield code="h">150616</subfield></datafield></record></collection>